% INTRO CHAPTER ----------------------------------------------------------------

@book{GreekAtom,
author="Bernard Pullman",
title="The Atom in the History of Human Thought",
publisher="Oxford University Press",
year="1998",
address="Oxford",
isbn="978-0-19-515040-7"
}

@book{PeriodicTable,
author = {Scerri, Eric R.},
title = "{The Periodic Table: A Very Short Introduction}",
publisher = {Oxford University Press},
year = {2019},
month = {07},
pages = {117-123},
isbn = {9780198842323},
doi = {10.1093/actrade/9780198842323.001.0001},
url = {https://doi.org/10.1093/actrade/9780198842323.001.0001},
}

@article{MendeleevPaper,
author="D. Mendeleev",
title="The natural system of elements and its application to the indication of the properties of undiscovered elements",
journal = "Journal of the Russian Chemical Society",
volume = "3",
year="1871",
pages="25-56"
}

@article{Dalton,
author = "J. Dalton",
title = "Experimental Enquiry into the Proportion of the Several Gases or Elastic Fluids, Constituting the Atmosphere",
journal = "Memoirs of the Literary and Philosophical Society of Manchester",
volume = "1",
year = "1805",
pages = "244-258"
}

@article{Electrons,
doi = {10.1088/0031-9120/32/4/015},
url = {https://dx.doi.org/10.1088/0031-9120/32/4/015},
year = {1997},
volume = {32},
number = {4},
pages = {226},
author = {Isobel Falconer},
title = {{J J Thomson and the discovery of the electron}},
journal = {Physics Education},
}

@article{Protons,
author = "E. Rutherford",
title = "The Scattering of $\alpha$ and $\beta$ Particles by Matter and the Structure of the Atom",
journal = "Philosophical Magazine Series 6",
volume = "21",
year = "1911",
pages = "669-688"
}

@article{Neutrons,
author = "J. Chadwick",
title = "Possible Existence of a Neutron",
journal = "Nature",
volume = "129",
year = "1932",
pages = "312"
}

@article{Positron,
author = {Carl D. Anderson},
doi = {10.1126/science.76.1967.238},
eprint = {https://www.science.org/doi/pdf/10.1126/science.76.1967.238},
journal = {Science},
number = {1967},
pages = {238-239},
title = {The Apparent Existence of Easily Deflectable Positives},
url = {https://www.science.org/doi/abs/10.1126/science.76.1967.238},
volume = {76},
year = {1932},
bdsk-url-1 = {https://www.science.org/doi/abs/10.1126/science.76.1967.238},
bdsk-url-2 = {https://doi.org/10.1126/science.76.1967.238}}

@article{Muon,
title = {Note on the Nature of Cosmic-Ray Particles},
author = {Neddermeyer, Seth H. and Anderson, Carl D.},
journal = {Phys. Rev.},
volume = {51},
issue = {10},
pages = {884--886},
numpages = {0},
year = {1937},
publisher = {American Physical Society},
doi = {10.1103/PhysRev.51.884},
url = {https://link.aps.org/doi/10.1103/PhysRev.51.884}
}

@article{Lambda,
title = {Evidence Concerning the Existence of the New Unstable Elementary Neutral Particle},
author = {Hopper, V. D. and Biswas, S.},
journal = {Phys. Rev.},
volume = {80},
issue = {6},
pages = {1099--1100},
numpages = {0},
year = {1950},
publisher = {American Physical Society},
doi = {10.1103/PhysRev.80.1099},
url = {https://link.aps.org/doi/10.1103/PhysRev.80.1099}
}

@article{Kaon,
author = {{Brown}, R. and {Camerini}, U. and {Fowler}, P.~H. and {Muirhead}, H. and {Powell}, C.~F. and {Ritson}, D.~M.},
title = "{Observations with Electron-Sensitive Plates Exposed to Cosmic Radiation}",
journal = {Nature},
year = 1949,
month = jan,
volume = {163},
number = {4133},
pages = {82-87},
doi = {10.1038/163082a0}
}

@article{Sigma,
title = {Apparent Violation of the $\ensuremath{\Delta}S=\ensuremath{\Delta}Q$ Rule by Leptonic ${\ensuremath{\Sigma}}^{+}$ Decay},
author = {Barbaro-Galtieri, Angela and Barkas, Walter H. and Heckman, Harry H. and Patrick, Jack W. and Smith, Frances M.},
journal = {Phys. Rev. Lett.},
volume = {9},
issue = {1},
pages = {26--29},
numpages = {0},
year = {1962},
publisher = {American Physical Society},
doi = {10.1103/PhysRevLett.9.26},
url = {https://link.aps.org/doi/10.1103/PhysRevLett.9.26}
}

@book{ParticleDiscoveries,
title={Modern Physics},
author={Serway, R.A. and Moses, C.J. and Moyer, C.A.},
isbn={9780534493394},
lccn={2004101232},
pages={12-13},
url={https://books.google.com/books?id=Yfo3rnt3bkEC},
year={2004},
publisher={Cengage Learning}
}

@article{MesonBaryon,
author = {{Nakano}, T. and {Nishijima}, K.},
title = "{Charge Independence for V-particles}",
journal = {Progress of Theoretical Physics},
year = 1953,
volume = {10},
number = {5},
pages = {581-582},
doi = {10.1143/PTP.10.581},
adsurl = {https://ui.adsabs.harvard.edu/abs/1953PThPh..10..581N},
adsnote = {Provided by the SAO/NASA Astrophysics Data System}
}

@article{GellMannEightfold,
title = {{The Eightfold Way}: A THEORY OF STRONG INTERACTION SYMMETRY},
author = {Gell-Mann, M},
doi = {10.2172/4008239},
url = {https://www.osti.gov/biblio/4008239}, 
place = {United States},
year = {1961},
month = {3}
}

@article{NeemanEightfold,
author = {{Ne'eman}, Y.},
title = "{Derivation of strong interactions from a gauge invariance}",
journal = {Nuclear Physics},
year = 1961,
volume = {26},
number = {2},
pages = {222-229},
doi = {10.1016/0029-5582(61)90134-1},
adsurl = {https://ui.adsabs.harvard.edu/abs/1961NucPh..26..222N},
adsnote = {Provided by the SAO/NASA Astrophysics Data System}
}

@article{IsotopicSpin,
author = {{Heisenberg}, W.},
title = "{{\"U}ber den Bau der Atomkerne. I}",
journal = {Zeitschrift fur Physik},
year = 1932,
month = jan,
volume = {77},
number = {1-2},
pages = {1-11},
doi = {10.1007/BF01342433},
adsurl = {https://ui.adsabs.harvard.edu/abs/1932ZPhy...77....1H},
adsnote = {Provided by the SAO/NASA Astrophysics Data System}
}

@article{Strangeness,
author = {{Gell-Mann}, M.},
title = "{Isotopic Spin and New Unstable Particles}",
journal = {Physical Review},
year = 1953,
month = nov,
volume = {92},
number = {3},
pages = {833-834},
doi = {10.1103/PhysRev.92.833},
adsurl = {https://ui.adsabs.harvard.edu/abs/1953PhRv...92..833G},
adsnote = {Provided by the SAO/NASA Astrophysics Data System}
}

@article{QuarkModel,
author = {{Gell-Mann}, M.},
title = "{A schematic model of baryons and mesons}",
journal = {Physics Letters},
year = 1964,
month = feb,
volume = {8},
number = {3},
pages = {214-215},
doi = {10.1016/S0031-9163(64)92001-3},
adsurl = {https://ui.adsabs.harvard.edu/abs/1964PhL.....8..214G},
adsnote = {Provided by the SAO/NASA Astrophysics Data System}
}

@article{GellMannNishijima_1,
author = {{Nakano}, T. and {Nishijima}, K.},
title = "{Charge Independence for V-particles}",
journal = {Progress of Theoretical Physics},
year = 1953,
month = nov,
volume = {10},
number = {5},
pages = {581-582},
doi = {10.1143/PTP.10.581},
adsurl = {https://ui.adsabs.harvard.edu/abs/1953PThPh..10..581N},
adsnote = {Provided by the SAO/NASA Astrophysics Data System}
}

@article{GellMannNishijima_2,
author = {{Gell-Mann}, M.},
title = "{The interpretation of the new particles as displaced charge multiplets}",
journal = {Il Nuovo Cimento},
year = 1956,
month = apr,
volume = {4},
number = {S2},
pages = {848-866},
doi = {10.1007/BF02748000},
adsurl = {https://ui.adsabs.harvard.edu/abs/1956NCim....4S.848G},
adsnote = {Provided by the SAO/NASA Astrophysics Data System}
}

@book{QuarkAbstraction,
author = {Pickering, A.},
title = {Constructing quarks},
publisher = {{University of Chicago Press}},
pages = {114-125},
year = {1999},
doi = {10.7208/chicago/9780226667997.003.0007}
}

@article{CharmQuark,
author = {{Bj{\o}rken}, B.~J. and {Glashow}, S.~L.},
title = "{Elementary particles and SU(4)}",
journal = {Physics Letters},
	year = 1964,
month = aug,
volume = {11},
number = {3},
pages = {255-257},
	doi = {10.1016/0031-9163(64)90433-0},
adsurl = {https://ui.adsabs.harvard.edu/abs/1964PhL....11..255B},
adsnote = {Provided by the SAO/NASA Astrophysics Data System}
}

@article{AestheticCharm,
author = {Glashow, Sheldon},
title = {The hunting of the atoms and their nuclei: protons and neutrons},
journal = {New York Times},
year = {1976},
month = {7},
url = {https://www.nytimes.com/1976/07/18/archives/the-hunting-of-the-atoms-and-their-nuclei-protons-and-neutrons.html},
}

@article{GIM,
author = {{Glashow}, S.~L. and {Iliopoulos}, J. and {Maiani}, L.},
title = "{Weak Interactions with Lepton-Hadron Symmetry}",
journal = {Phys Rev D},
year = 1970,
month = oct,
volume = {2},
number = {7},
pages = {1285-1292},
doi = {10.1103/PhysRevD.2.1285},
adsurl = {https://ui.adsabs.harvard.edu/abs/1970PhRvD...2.1285G},
adsnote = {Provided by the SAO/NASA Astrophysics Data System}
}

@article{ElasticScattering,
author = {{Bloom}, E.~D. and {Coward}, D.~H. and {Destaebler}, H. and {Drees}, J. and {Miller}, G. and {Mo}, L.~W. and {Taylor}, R.~E. and {Breidenbach}, M. and {Friedman}, J.~I. and {Hartmann}, G.~C. and {Kendall}, H.~W.},
title = "{High-Energy Inelastic e-p Scattering at 6{\textdegree} and 10{\textdegree}}",
journal = {Physical Review Letters},
year = 1969,
month = oct,
volume = {23},
number = {16},
pages = {930-934},
doi = {10.1103/PhysRevLett.23.930},
adsurl = {https://ui.adsabs.harvard.edu/abs/1969PhRvL..23..930B},
adsnote = {Provided by the SAO/NASA Astrophysics Data System}
}

@article{Resonances,
author = {{Bloom}, E.~D. and {Coward}, D.~H. and {Destaebler}, H. and {Drees}, J. and {Miller}, G. and {Mo}, L.~W. and {Taylor}, R.~E. and {Breidenbach}, M. and {Friedman}, J.~I. and {Hartmann}, G.~C. and {Kendall}, H.~W.},
title = "{High-Energy Inelastic e-p Scattering at 6{\textdegree} and 10{\textdegree}}",
journal = {Physical Review Letters},
year = 1969,
month = oct,
volume = {23},
number = {16},
pages = {930-934},
doi = {10.1103/PhysRevLett.23.930},
adsurl = {https://ui.adsabs.harvard.edu/abs/1969PhRvL..23..930B},
adsnote = {Provided by the SAO/NASA Astrophysics Data System}
}

@article{BjorkenScaling,
title = {Current Algebra at Small Distances},
author = {Bjorken, J.},
abstractNote = {},
doi = {},
url = {https://www.osti.gov/biblio/1444446}, 
journal = {},
year = {2018},
month = {6}
}

@article{Jpsi,
title = {Experimental Observation of a Heavy Particle {$J$}},
author = {Aubert, J. and others},
abstractNote = {},
journal = {Physical Review Letters},
volume = {33},
year = {1974},
month = {12}
}

@article{QCDFormulation,
author = {{Fritzsch}, H. and {Gell-Mann}, M. and {Leutwyler}, H.},
title = "{Advantages of the color octet gluon picture}",
journal = {Physics Letters B},
year = 1973,
month = nov,
volume = {47},
number = {4},
pages = {365-368},
doi = {10.1016/0370-2693(73)90625-4},
adsurl = {https://ui.adsabs.harvard.edu/abs/1973PhLB...47..365F},
adsnote = {Provided by the SAO/NASA Astrophysics Data System}
}

@article{AssFreedom1,
author = {{Gross}, David J. and {Wilczek}, Frank},
title = "{Ultraviolet Behavior of Non-Abelian Gauge Theories}",
journal = {Physical Review Letters},
year = 1973,
month = jun,
volume = {30},
number = {26},
pages = {1343-1346},
doi = {10.1103/PhysRevLett.30.1343},
adsurl = {https://ui.adsabs.harvard.edu/abs/1973PhRvL..30.1343G},
adsnote = {Provided by the SAO/NASA Astrophysics Data System}
}

@article{AssFreedom2,
author = {{Politzer}, H. David},
title = "{Reliable Perturbative Results for Strong Interactions?}",
journal = {Physical Review Letters},
year = 1973,
month = jun,
volume = {30},
number = {26},
pages = {1346-1349},
doi = {10.1103/PhysRevLett.30.1346},
adsurl = {https://ui.adsabs.harvard.edu/abs/1973PhRvL..30.1346P},
adsnote = {Provided by the SAO/NASA Astrophysics Data System}
}

@misc{PETRA,
author = {{S{\"o}ding}, P.},
title = "{Twenty-five years of gluons}",
journal = {CERN Courier},
year = 2004,
url = {https://cerncourier.com/a/twenty-five-years-of-gluons/}
}

@article{GluonConfirmation,
author = {{S{\"o}ding}, P.},
title = "{On the discovery of the gluon}",
journal = {European Physical Journal H},
year = 2010,
month = jul,
volume = {35},
number = {1},
pages = {3-28},
doi = {10.1140/epjh/e2010-00002-5},
adsurl = {https://ui.adsabs.harvard.edu/abs/2010EPJH...35....3S},
adsnote = {Provided by the SAO/NASA Astrophysics Data System}
}

@article{Electroweak1,
author = {{Salam}, Abdus and {Ward}, J.~C.},
title = "{Weak and electromagnetic interactions}",
journal = {Il Nuovo Cimento},
year = 1959,
month = feb,
volume = {11},
number = {4},
pages = {568-577},
doi = {10.1007/BF02726525},
adsurl = {https://ui.adsabs.harvard.edu/abs/1959NCim...11..568S},
adsnote = {Provided by the SAO/NASA Astrophysics Data System}
}

@ARTICLE{Electroweak2,
author = {{Weinberg}, Steven},
title = "{A Model of Leptons}",
journal = {Physical Review Letters},
year = 1967,
month = nov,
volume = {19},
number = {21},
pages = {1264-1266},
doi = {10.1103/PhysRevLett.19.1264},
adsurl = {https://ui.adsabs.harvard.edu/abs/1967PhRvL..19.1264W},
adsnote = {Provided by the SAO/NASA Astrophysics Data System}
}





@book{JetStringDiagram, 
place={Cambridge},
series={Cambridge Monographs on Particle Physics, Nuclear Physics and Cosmology},
title={QCD and Collider Physics}, 
DOI={10.1017/CBO9780511628788}, 
publisher={Cambridge University Press}, 
author={Ellis, R. K. and Stirling, W. J. and Webber, B. R.}, 
year={1996}, 
collection={Cambridge Monographs on Particle Physics, Nuclear Physics and Cosmology}
}



@Inbook{Partons,
author="Feynman, Richard P.",
editor="Noz, M. E.
and Kim, Y. S.",
title="The Behavior of Hadron Collisions atThe uncertainties from these sources exhibit no multiplicity dependence, and a very small dependence on \pt.  Extreme Energies",
bookTitle="Special Relativity and Quantum Theory: A Collection of Papers on the Poincar{\'e} Group",
year="1988",
publisher="Springer Netherlands",
address="Dordrecht",
pages="289--304",
abstract="There are several reasons to be interested in this problem of very high energy hadron scattering. Firstly, most theoretical inventions are based on analysis of simple collisions, in which only a small number of particles come out. But it is at once realized that questions of unitarity, the asymptotic behavior for high energy in dispersion integrals, etc, require some ansatz be made for the higher energy collisions, in order to close the infinite hierarchy of equations which result. Secondly, experiments at high energies usually yield many particles, and only by selecting the rare collision can we find those about which the theorist has been speaking. For the highly multiple inelastic collisions (to which the major part of the inelastic cross section is due) so many variables are involved that it is not known how to organize or present this data. Any theoretical suggestion (even if it proves to be not quite right) suggests a way that this vast amount of data may be analyzed. For this reason I shall present here some preliminary speculations on how these collisions might behave even though I have not yet analyzed them as fully as I would like.",
isbn="978-94-009-3051-3",
doi="10.1007/978-94-009-3051-3_25",
url="https://doi.org/10.1007/978-94-009-3051-3_25"
}

@misc{Kendall,
author = "H. Kendall",
title = "Deep inelastic scattering: Experiments on the proton and the observation of scaling",
journal = "Nobel Lecture", 
year = "1990",
url = "https://www.nobelprize.org/uploads/2018/06/kendall-lecture.pdf",
urldate = "2023-08-21"
}

@misc{Friedman,
author = "J. Friedman",
title = "Deep inelastic scattering: Comparisons with the quark model",
journal = "Nobel Lecture",
year = "1990",
url = "https://www.nobelprize.org/uploads/2018/06/friedman-lecture.pdf",
urldate = "2023-08-21"
}

@misc{Taylor, 
author = "R. Taylor",
title = "Deep inelastic scattering: The early years",
journal = "Nobel Lecture",
year = "1990",
url = "https://www.nobelprize.org/uploads/2018/06/taylor-lecture.pdf",
urldate = "2023-08-21"
}


% EXPERIMENT CHAPTER -------------------------------------------------------------------------------

@article{LHC1,
doi = {10.1088/1367-2630/9/9/335},
url = {https://dx.doi.org/10.1088/1367-2630/9/9/335},
year = {2007},
publisher = {},
volume = {9},
number = {9},
pages = {335},
author = {Lyndon Evans},
title = {{The Large Hadron Collider}},
journal = {New Journal of Physics}
}

@article{LHC2,
author = "Keil, Eberhard",
title = "{The Large Hadron Collider LHC}",
reportNumber = "CERN-LHC-PROJECT-REPORT-079, CERN-LHC-PROJECT-REPORT-79, SNOWMASS-1996-OPS010",
journal = "eConf",
volume = "C960625",
pages = "OPS010",
year = "1996"
}

@article{ALICE,
author = "Aamodt, K. and others",
collaboration = "ALICE",
title = "{The ALICE experiment at the CERN LHC}",
doi = "10.1088/1748-0221/3/08/S08002",
journal = "JINST",
volume = "3",
pages = "S08002",
year = "2008"
}

@article{ATLAS,
author = "Aad, G. and others",
collaboration = "ATLAS",
title = "{The ATLAS Experiment at the CERN Large Hadron Collider}",
doi = "10.1088/1748-0221/3/08/S08003",
journal = "JINST",
volume = "3",
pages = "S08003",
year = "2008"
}

@article{CMS,
author = "Chatrchyan, S. and others",
collaboration = "CMS",
title = "{The CMS Experiment at the CERN LHC}",
doi = "10.1088/1748-0221/3/08/S08004",
journal = "JINST",
volume = "3",
pages = "S08004",
year = "2008"
}

@article{LHCb,
author = "Alves, Jr., A. Augusto and others",
collaboration = "LHCb",
title = "{The LHCb Detector at the LHC}",
reportNumber = "LHCb-DP-2008-001",
doi = "10.1088/1748-0221/3/08/S08005",
journal = "JINST",
volume = "3",
pages = "S08005",
year = "2008"
}

@article{ALICEpp1,
doi = {10.1038/nphys4111},
url = {https://doi.org/10.1038%2Fnphys4111},
year = 2017,
publisher = {Springer Science and Business Media {LLC}
},
volume = {13},
number = {6},
pages = {535--539},
author = {J. Adam and others},
title = {{Enhanced production of multi-strange hadrons in high-multiplicity proton{\textendash}proton collisions}},
journal = {Nature}
}

@article{ALICEpp2,
title = {{Search for a common baryon source in high-multiplicity pp collisions at the LHC}},
journal = {Physics Letters B},
volume = {811},
pages = {135849},
year = {2020},
issn = {0370-2693},
doi = {https://doi.org/10.1016/j.physletb.2020.135849},
url = {https://www.sciencedirect.com/science/article/pii/S0370269320306523},
author = {S. Acharya and others},
}


@article{CMSHeavy1,
doi = {10.1007/jhep02(2016)156},
url = {https://doi.org/10.1007%2Fjhep02%282016%29156},
year = 2016,
publisher = {Springer Science and Business Media {LLC}
},
volume = {2016},
number = {2},
author = {V. Khachatryan and others},
title = {{Correlations between jets and charged particles in {PbPb} and pp collisions at \snn = 2.76 TeV}},
journal = {{Journal of High Energy Physics}}
}

@article{CMSHeavy1,
doi = {10.1007/jhep02(2016)156},
url = {https://doi.org/10.1007%2Fjhep02%282016%29156},
year = 2016,
publisher = {Springer Science and Business Media {LLC}
},
volume = {2016},
number = {2},
author = {V. Khachatryan and others},
title = {{Correlations between jets and charged particles in {PbPb} and pp collisions at \snn = 2.76 TeV}},
journal = {{Journal of High Energy Physics}}
}

@article{ATLASHeavy1,
author = "Aad, G. and others",
collaboration = "ATLAS",
title = "{Measurement of substructure-dependent jet suppression in Pb+Pb collisions at 5.02 TeV with the ATLAS detector}",
eprint = "2211.11470",
archivePrefix = "arXiv",
primaryClass = "nucl-ex",
reportNumber = "CERN-EP-2022-182",
doi = "10.1103/PhysRevC.107.054909",
journal = "Phys. Rev. C",
volume = "107",
number = "5",
pages = "054909",
year = "2023"
}

@misc{LHCBBC, 
title={Large Hadron Collider can be “world’s biggest rain meter”}, 
url={https://www.bbc.com/news/science-environment-36094282}, 
journal={BBC News}, 
publisher={BBC}, 
author={Amos, Jonathan}, 
year={2016}}

@unpublished{ALICEDiagram,
author        = "Tauro, Arturo",
title         = "{ALICE Schematics}",
year          = "2017",
url           = "https://cds.cern.ch/record/2263642",
note          = "General Photo"
}

@article{ITS,
author = "Dellacasa, G. and others",
collaboration = "ALICE",
title = "{ALICE technical design report of the inner tracking system (ITS)}",
reportNumber = "CERN-LHCC-99-12",
month = "6",
year = "1999"
}

@article{ITSDiagram,
doi = {10.1088/1748-0221/5/03/P03003},
url = {https://dx.doi.org/10.1088/1748-0221/5/03/P03003},
year = {2010},
volume = {5},
number = {03},
pages = {P03003},
author = {ALICE collaboration},
title = {{Alignment of the ALICE Inner Tracking System with cosmic-ray tracks}},
journal = {{Journal of Instrumentation}}
}

@article{ITSSPD,
author = "Meddi, F.",
editor = "Rossi, L.",
collaboration = "ALICE",
title = "{The ALICE silicon pixel detector (SPD)}",
doi = "10.1016/S0168-9002(01)00344-8",
journal = "Nucl. Instrum. Meth. A",
volume = "465",
pages = "40--45",
year = "2000"
}


@book{ITSSDD,
author={Antinori, S. and others},
booktitle={{IEEE Symposium Conference Record Nuclear Science 2004.}}, 
title={{Design and construction of an ALICE SDD end-ladder prototype board}}, 
year={2004},
volume={3},
number={},
pages={1669-1672 Vol. 3},
doi={10.1109/NSSMIC.2004.1462561}}

@article{MOSCharge,
title = {{Drift velocity monitoring of SDDs using MOS charge injectors}},
journal = {{Nuclear Instruments and Methods in Physics Research Section A: Accelerators, Spectrometers, Detectors and Associated Equipment}},
volume = {450},
number = {2},
pages = {338-342},
year = {2000},
issn = {0168-9002},
doi = {https://doi.org/10.1016/S0168-9002(00)00278-3},
url = {https://www.sciencedirect.com/science/article/pii/S0168900200002783},
author = {D Nouais and others}
}


@misc{ITSSSD,
title={{The ALICE Silicon Strip Detector performance during the first LHC data taking}}, 
author={Giacomo Contin},
year={2011},
eprint={1101.2776},
archivePrefix={arXiv},
primaryClass={physics.ins-det}
}

@techreport{LHCUpgrade,
author        = "Fartoukh, Stephane and others",
title         = "{LHC Configuration and Operational Scenario for Run 3}",
institution   = "CERN",
reportNumber  = "CERN-ACC-2021-0007",
address       = "Geneva",
year          = "2021",
url           = "https://cds.cern.ch/record/2790409",
}

@misc{TPCUpgrade,
title={{Upgrade of the ALICE Time Projection Chamber for the LHC Run 3}}, 
author={Adam Laszlo Gera},
year={2020},
eprint={2004.10520},
archivePrefix={arXiv},
primaryClass={physics.ins-det}
}

@misc{MFTUpgrade,
title={{Upgrade and commissioning of the ALICE muon spectrometer}}, 
author={Livia Terlizzi},
year={2022},
eprint={2210.12431},
archivePrefix={arXiv},
primaryClass={physics.ins-det}
}

@article{ITSUpgrade,
doi = {10.1016/j.nima.2022.166632},
url = {https://doi.org/10.1016%2Fj.nima.2022.166632},
year = 2022,
publisher = {Elsevier {BV}
},
volume = {1032},
pages = {166632},
title = {Upgrade of the {ALICE} {ITS} detector},
journal = {Nuclear Instruments and Methods in Physics Research Section A: Accelerators, Spectrometers, Detectors and Associated Equipment}
}

@article{ALPIDE,
title = {{ALPIDE, the Monolithic Active Pixel Sensor for the ALICE ITS upgrade}},
journal = {Nuclear Instruments and Methods in Physics Research Section A: Accelerators, Spectrometers, Detectors and Associated Equipment},
volume = {824},
pages = {434-438},
year = {2016},
issn = {0168-9002},
doi = {https://doi.org/10.1016/j.nima.2015.09.057},
url = {https://www.sciencedirect.com/science/article/pii/S0168900215011122},
author = {M. Mager}
}

@article{TPC1,
author = "Dellacasa, G. and others",
collaboration = "ALICE",
title = "{ALICE: Technical design report of the time projection chamber}",
reportNumber = "CERN-OPEN-2000-183, CERN-LHCC-2000-001",
month = "1",
year = "2000"
}

@article{TPC2,
doi = {10.1016/j.nima.2010.04.042},
url = {https://doi.org/10.1016%2Fj.nima.2010.04.042},
year = 2010,
publisher = {Elsevier {BV}
},
volume = {622},
number = {1},
pages = {316--367},
author = {J. Alme and others},
title = {The {ALICE} {TPC},
a large 3-dimensional tracking device with fast readout for ultra-high multiplicity events},
journal = {Nuclear Instruments and Methods in Physics Research Section A: Accelerators, Spectrometers, Detectors and Associated Equipment}
}

@article{BetheBlochPDG,
author = {Zyla, P A and others},
title = "{Review of Particle Physics}",
journal = {Progress of Theoretical and Experimental Physics},
volume = {2020},
number = {8},
pages = {083C01},
year = {2020},
month = {08},
issn = {2050-3911},
doi = {10.1093/ptep/ptaa104},
url = {https://doi.org/10.1093/ptep/ptaa104},
eprint = {https://academic.oup.com/ptep/article-pdf/2020/8/083C01/34673722/ptaa104.pdf},
}


@article{BetheBlochALEPH,
title = {{Particle identification of the ALICE TPC via dE/dx}},
journal = {Nuclear Instruments and Methods in Physics Research Section A: Accelerators, Spectrometers, Detectors and Associated Equipment},
volume = {706},
pages = {55-58},
year = {2013},
note = {TRDs for the Third Millenium},
issn = {0168-9002},
doi = {https://doi.org/10.1016/j.nima.2012.05.022},
url = {https://www.sciencedirect.com/science/article/pii/S0168900212005098},
author = {Weilin Yu}
}

@article{TOF1,
author = "Dellacasa, G. and others",
collaboration = "ALICE",
title = "{ALICE technical design report of the time-of-flight system (TOF)}",
reportNumber = "CERN-LHCC-2000-012",
month = "2",
year = "2000"
}

@article{TOF2,
author = "Cerron Zeballos, E. and Crotty, I. and Hatzifotiadou, D. and Lamas Valverde, J. and Neupane, S. and Williams, M. C. S. and Zichichi, A.",
title = "{A New type of resistive plate chamber: The Multigap RPC}",
reportNumber = "CERN-PPE-95-166, CERN-LAA-MC-95-23",
doi = "10.1016/0168-9002(96)00158-1",
journal = "Nucl. Instrum. Meth. A",
volume = "374",
pages = "132--136",
year = "1996"
}

@misc{TOFPIDPlot,
title={{PID performance of the ALICE-TOF detector in Run 2}}, 
author={Nicolò Jacazio},
year={2018},
eprint={1809.00574},
archivePrefix={arXiv},
primaryClass={physics.ins-det}
}

@article{EMCAL1,
author = "Cortese, P. and others",
collaboration = "ALICE",
title = "{ALICE electromagnetic calorimeter technical design report}",
reportNumber = "CERN-LHCC-2008-014, CERN-ALICE-TDR-014",
month = "9",
year = "2008"
}

@article{EMCAL2,
author = "Acharya, S. and others",
collaboration = "ALICE",
title = "{Performance of the ALICE Electromagnetic Calorimeter}",
eprint = "2209.04216",
archivePrefix = "arXiv",
primaryClass = "physics.ins-det",
reportNumber = "CERN-EP-2022-184",
doi = "10.1088/1748-0221/18/08/P08007",
journal = "JINST",
volume = "18",
number = "08",
pages = "P08007",
year = "2023"
}

@article{ERIN123,
doi = {10.1088/1742-6596/160/1/012012},
url = {https://dx.doi.org/10.1088/1742-6596/160/1/012012},
year = {2009},
volume = {160},
number = {1},
pages = {012012},
author = {F Ronchetti and others},
title = {{The ALICE electromagnetic calorimeter project}},
journal = {Journal of Physics: Conference Series}
}

@article{ERIN124,
doi = {10.1088/1742-6596/293/1/012043},
url = {https://dx.doi.org/10.1088/1742-6596/293/1/012043},
year = {2011},
volume = {293},
number = {1},
pages = {012043},
author = {A Fantoni and others},
title = {{The ALICE Electromagnetic Calorimeter: EMCAL}},
journal = {Journal of Physics: Conference Series}
}

@article{VZERO,
author = "Abbas, E. and others",
collaboration = "ALICE",
title = "{Performance of the ALICE VZERO system}",
eprint = "1306.3130",
archivePrefix = "arXiv",
primaryClass = "nucl-ex",
reportNumber = "CERN-PH-EP-2013-082",
doi = "10.1088/1748-0221/8/10/P10016",
journal = "JINST",
volume = "8",
pages = "P10016",
year = "2013"
}


% ANALYSIS CHAPTER -------------------------------------------------------------------------------



@misc{V0Decay,
author = "A. Kalweit",
title = "Energy loss calibration of the {ALICE TPC}",
journal = "Master Thesis",
year = "2008",
pages = "29-30"
}

@article{Voigt,
author = "S. Acharya and others",
title = "Production of {K}$^*(892)^{0}$ and $\phi(1020)$ in pp and {\pPb} collisions at {\snn = 5.02 TeV}",
journal = "Phys. Rev.",
volume = "C97",
year = "2022",
doi = {10.1103/physrevc.106.034907},
url = {https://doi.org/10.1103%2Fphysrevc.106.034907}
}


@online{EBGuidelineEditing,
author = {{ALICE Editorial Board}},
title = {{Guidelines for text editing}},
year = 2018,
url = {https://twiki.cern.ch/twiki/bin/view/ALICE/GuidelineEditing},
urldate = {2018-11-18}
}

@article{QGPStrangeness,
author = "J. Rafelski and B. M{\"u}ller",
title = "Strangeness Production in the Quark-Gluon Plasma",
journal = "Phys. Lett.", 
volume = "48",
issn="1066",
year = "1982"
}


@article{SPSEnhancement,
collaboration = {NA35},
author = {{J. Bartke et al.}},
title = {{Neautral strange particle production in sulphur-sulphur and proton-sulphur collisions at 200 GeV/nucleon}},
journal = "Z. Phys.", 
volume = "C48",
year = "1990"
}

@article{LHCEnhancement,
collaboration = {ALICE},
author = "B Abelev et al.",
title = {{Multi-strange baryon production at mid-rapidity in Pb--Pb collisions at $\sqrt{s_{\text{NN}}}$ = 2.76 TeV}},
journal = "Phys. Lett.", 
volume = "B728",
year = "2014",
archivePrefix = "arXiv",
eprint = "1307.5543",
primaryClass = "nucl-ex"
}

@article{ALICEppEnhancement,
collaboration = {ALICE},
author = "B Abelev et al.",
title = {{Enhanced production of multi-strange hadrons in high-multiplicity proton-proton collisions
}},
journal = "Nature Phys.", 
volume="13",
pages="535-539",
year = "2017",
archivePrefix = "arXiv",
eprint = "1606.07424",
primaryClass = "nucl-ex"
}

@article{ALICEpPbEnhancement,
collaboration = {ALICE},
author = "B Abelev et al.",
title = {{Multiplicity Dependence of Pion, Kaon, Proton and Lambda Production in p-Pb Collisions at \snn = 5.02 TeV
}},
journal = "Phys. Letters", 
volume="B728",
pages="25-38",
year = "2014",
archivePrefix = "arXiv",
eprint = "1307.6796",
primaryClass = "nucl-ex"
}

@article{GrandCanon1,
author = "J. Cleymans and I. Kraus and H. Oeschler and K. Redlich and S. Wheaton",
title = {{Statistical model predictions for particle ratios at \snn = 5.5 TeV}},
journal = "Phys. Rev.", 
volume = "C74",
year = "2006",
archivePrefix = "arXiv",
eprint = "0604237",
primaryClass = "hep-ph"
}

@article{GrandCanon2,
author = "A. Andronic and P. Braun-Munzinger and J. Stachel",
title = {{Thermal hadron production in relativistic nuclear collisions}},
journal = "Phys. Letters", 
volume = "B", 
year = "2009",
archivePrefix = "arXiv",
eprint = "0812.1186",
primaryClass = "nucl-th"
}

@article{StrangenessSuppression,
year = 2002,
journal = {The European Phys. Journal},
volume = {C24},
number = {4},
pages = {589-594},
author = {K. Redlich and A. Tounsi},
title = {Strangeness enhancement and energy dependence in heavy ion collisions},
archivePrefix = "arXiv",
eprint = "0111261",
primaryClass = "hep-ph"
}

@article{CoreCorona,
author = {J. Aichelin and K. Werner},
title = {Centrality Dependence of Strangeness Enhancement in Ultrarelativistic Heavy Ion Collisions - a Core-Corona Effect},
journal = {Phys. Rev.},
volume = {C79},
year = {2008},
eprint = {0810.4465},
archivePrefix = {arXiv},
primaryClass = {nucl-th}
}

@article{ALICEAngularCorrelations1,
collaboration = {ALICE},
year = 2014,
volume = {A931},
pages = {1017-1021},
author = {Leonardo Milano},
title = {Long-range angular correlations at the {LHC} with {ALICE}},
journal = {Nuclear Physics},
archivePrefix = "arXiv",
eprint = {1407.5808}
}

@article{ALICEAngularCorrelations2,
title={Angular correlation results from ALICE}, 
author={Monika Varga-Kofarago},
collaboration={ALICE},
year={2018},
eprint={1802.00206},
archivePrefix={arXiv},
primaryClass={hep-ex}
}

@article{JustinPaper,
title={Investigating strangeness enhancement in jet and medium via $\phi$(1020) production}, 
author={Justin Blair},
collaboration={ALICE},
year={2023},
eprint={TBA},
archivePrefix={arXiv},
primaryClass={nuc-ex}
}

@incollection{DPMJET,
title={The Monte Carlo Event Generator {DPMJET-III}}, 
author = {S. Roesler and R. Engel and J. Ranft},
year={2001},
eprint={0012252},
archivePrefix={arXiv},
publisher = {Springer Berlin Heidelberg},
booktitle = {Advanced Monte Carlo for Radiation Physics, Particle Transport Simulation and Applications},
primaryClass={hep-ph}
}

@article{DualParton,
author = "Capella, A. and Sukhatme, U. and Tan, C-I and Tran Thanh Van, J.",
title = "{Dual parton model}",
reportNumber = "LPTHE-ORSAY-92-38",
doi = "10.1016/0370-1573(94)90064-7",
journal = "Phys. Rept.",
volume = "236",
pages = "225--329",
year = "1994"
}

@article{ALICEExperiment1,
	year = 2014,
	volume = {A29},
	number = {24},
	pages = {1430044},
	title = {Performance of the {ALICE} experiment at the {CERN} {LHC}
},
	journal = {Intl. Journal of Modern Phys.},
  collaboration = {ALICE},
  archivePrefix = "arXiv",
  eprint = {1402.4476}
}

@article{ALICEExperiment2,
title={The story of {ALICE}: Building the dedicated heavy ion detector at {LHC}}, 
author={C. Fabjan and J. Schukraft},
year={2011},
eprint={1101.1257},
archivePrefix={arXiv},
primaryClass={physics.ins-det}
}

@article{V0Reco1,
title={Multiplicity dependence of light-flavor hadron production in pp collisions at $\sqrt{s}$ = 7 {TeV}}, 
author={S. Acharya and others},
year={2019},
journal={Phys. Rev.},
volume={C99},
eprint={1807.11321},
archivePrefix={arXiv},
primaryClass={nucl-ex}
}

@article{V0Reco2,
title={K$^{0}_{S}$ and {$\Lambda$} production in {Pb-Pb} collisions at $\sqrt{s_{\text{NN}}}$ = 2.76 TeV}, 
author={B. Abelev and others},
year={2013},
journal={Phys. Rev. Lett.},
volume={111},
eprint={1307.5530},
archivePrefix={arXiv},
primaryClass={nucl-ex}
}

@article{PIDSource,
title={Particle Identification with the {ALICE} detector at the {LHC}}, 
collaboration={ALICE},
author={Chiara Zampolli},
year={2012},
eprint={1209.5637},
archivePrefix={arXiv},
primaryClass={hep-ex}
}


@article{Lambda1,
year = 2021,
volume = {C81},
number = {10},
author = {S. Acharya and others},
collaboration = {ALICE},
title = {{$\text{K}^{0}_{\text{S}}$-} and (anti-){$\Lambda$}-hadron correlations in pp collisions at \snn = 13 {TeV}},
journal = {The European Phys. Journal},
archivePrefix = "arXiv",
eprint = {2107.11209},
primaryClass = "nucl-ex"
}

@article{Lambda2,
title={Production of {$\text{K}^{0}_{\text{S}}$}, {$\Lambda$} ({$\bar{\Lambda}$}), {$\Xi^{\pm}$} and {$\Omega^{\pm}$} in jets and in the underlying event in pp and {p$-$Pb} collisions},
author={S. Acharya and others},
collaboration={ALICE},
journal={Journal of High Energy Phys.},
volume={2023},
year={2023},
eprint={2211.08936},
archivePrefix={arXiv},
primaryClass={nucl-ex}
}

@article{CorrelationFunction,
	month = {aug},
	volume = {131},
	number = {8},
	author = {Saehanseul Oh and Andreas Morsch and Constantin Loizides and Tim Schuster},
	title = {Correction methods for finite-acceptance effects in two-particle correlation analyses},
	journal = {The European Phys. Journal Plus},
  year = {2016},
  archivePrefix = "arXiv",
  eprint = {1604.05332},
  primaryClass = "nucl-th"
}

@book{GEANT,
author        = "Brun, René and Bruyant, F and Carminati, Federico and
              Giani, Simone and Maire, M and McPherson, A and Patrick, G
              and Urban, L",
title         = "{GEANT: Detector Description and Simulation Tool; Oct
              1994}",
publisher     = "CERN",
address       = "Geneva",
series        = "CERN Program Library",
year          = "1993",
url           = "http://cds.cern.ch/record/1082634",
note          = "Long Writeup W5013",
doi           = "10.17181/CERN.MUHF.DMJ1",
}

@article{TwoTrack1,
title={Two-particle differential transverse momentum and number density correlations in {\pPb} and {\PbPb} at the {LHC}},
volume={C100},
number={4},
journal={Phys. Rev. C},
author={Acharya, S. and others},
collaboration={ALICE},
archivePrefix = "arXiv",
eprint = {1805.04422},
year={2019},
}

@article{TwoTrack2,
title={Longitudinal and azimuthal evolution of two-particle transverse momentum correlations in {\PbPb} collisions at \snn = 2.76 {TeV}},
volume={B804},
journal={Phys. Letters},
author={Acharya, S. and others},
collaboration={ALICE},
year={2020},
pages={135375},
archivePrefix = "arXiv",
eprint = {1910.14393},
}

@misc{BarlowCheck,
title={Systematic Errors: facts and fictions}, 
author={Roger Barlow},
year={2002},
eprint={0207026},
archivePrefix={arXiv},
primaryClass={hep-ex}
}

@article{ALICEMatBud,
collaboration = {ALICE},
author = "B Abelev et al.",
title = {{Multiplicity Dependence of Pion, Kaon, Proton and Lambda Production in p-Pb Collisions at \snn = 5.02 TeV
}},
journal = "Phys. Letters", 
volume="B728",
pages="25-38",
year = "2014",
archivePrefix = "arXiv",
eprint = "1307.6796",
primaryClass = "nucl-ex"
}

@article{ALICEv2_1,
title={{Long-range angular correlations of $\pi$, K and p in p-Pb collisions at $\sqrt{s_{\text{NN}}}$ = 5.02 TeV}},
author={B. Abelev and others},
year={2013},
eprint={1307.3237},
archivePrefix={arXiv},
primaryClass={nucl-ex},
journal={Phys. Lett.},
volume={B726},
pages={164-177}
}

@article{ALICEv2_2,
title={{Observation of partonic flow in proton-proton and proton-nucleus collisions}},
author={B. Abelev and others},
year={2023},
eprint={TBA},
archivePrefix={arXiv},
primaryClass={nucl-ex},
journal={Nature Phys.},
volume={TBA},
pages={TBA}
}

@article{GluonJet1,
year = 2002,
volume = {C23},
number = {4},
pages = {597-613},
author = {G. Abbiendi and others},
collaboration = {OPAL},
title = {Particle multiplicity of unbiased gluon jets from e$+$e- three-jet events},
journal = {The European Phys. Journal},
archivePrefix = "arXiv",
eprint = {0111013},
primaryClass = "hep-ex"
}

@article{GluonJet2,
year = 1999,
volume = {C8},
number = {4},
pages = {241-254},
author = {K. Ackerstaff and others},
collaboration = {OPAL},
title = {Production of {$\text{K}^{0}_{\text{S}}$} and {$\Lambda$} in quark and gluon jets from {$\text{Z}^{0}$} decays},
journal = {The European Phys. Journal},
archivePrefix = "arXiv",
eprint = {9805025},
primaryClass = "hep-ex"
}

@misc{PhiEnhancement,
title={The {ALICE} experiment -- A journey through {QCD}}, 
author={S. Acharya and others},
collaboration={ALICE},
year={2022},
eprint={2211.04384},
archivePrefix={arXiv},
primaryClass={nucl-ex}
}


@online{CERNpage,
author = {CERN},
title = {{New antimatter gravity experiments begin at CERN}},
year = 2018,
url = {https://home.cern/news/news/experiments/new-antimatter-gravity-experiments-begin-cern},
urldate = {2018-11-18}
}

@online{ALICEpubpapers,
author = {Mateusz Ploskon},
title = {{ALICE published and submitted papers in bibtex format}},
year = 2018,
url = {https://raw.githubusercontent.com/matplo/alice_papers/master/twiki/alice_papers.bib},
urldate = {2018-11-19}
}